@article {Fanelli2628,
	author = {Fanelli, Daniele},
	title = {Opinion: Is science really facing a reproducibility crisis, and do we need it to?},
	volume = {115},
	number = {11},
	pages = {2628--2631},
	year = {2018},
	doi = {10.1073/pnas.1708272114},
	publisher = {National Academy of Sciences},
	abstract = {Efforts to improve the reproducibility and integrity of science are typically justified by a narrative of crisis, according to which most published results are unreliable due to growing problems with research and publication practices. This article provides an overview of recent evidence suggesting that this narrative is mistaken, and argues that a narrative of epochal changes and empowerment of scientists would be more accurate, inspiring, and compelling.},
	issn = {0027-8424},
	URL = {https://www.pnas.org/content/115/11/2628},
	eprint = {https://www.pnas.org/content/115/11/2628.full.pdf},
	journal = {Proceedings of the National Academy of Sciences}
}
